@article{charnes1978measuring,
  title={Measuring the efficiency of decision making units},
  author={Charnes, Abraham and Cooper, William W and Rhodes, Edwardo},
  journal={European journal of operational research},
  volume={2},
  number={6},
  pages={429--444},
  year={1978},
  publisher={Elsevier}
}
@article{banker1984some,
  title={Some models for estimating technical and scale inefficiencies in data envelopment analysis},
  author={Banker, Rajiv D and Charnes, Abraham and Cooper, William Wager},
  journal={Management science},
  volume={30},
  number={9},
  pages={1078--1092},
  year={1984},
  publisher={INFORMS}
}
@article{charnes1962programming,
  title={Programming with linear fractional functionals},
  author={Charnes, Abraham and Cooper, William W},
  journal={Naval Research logistics quarterly},
  volume={9},
  number={3-4},
  pages={181--186},
  year={1962},
  publisher={Wiley Online Library}
}
@article{martins2005administraccao,
  title={Administra{\c{c}}{\~a}o da produ{\c{c}}{\~a}o. rev., aum},
  author={Martins, Petr{\^o}nio Garcia and Laugeni, Fernando P},
  journal={E atual. S{\~a}o Paulo: Saraiva},
  year={2005}
}
@article{forsund2002origins,
  title={On the origins of data envelopment analysis},
  author={F{\o}rsund, Finn R and Sarafoglou, Nikias},
  journal={Journal of Productivity Analysis},
  volume={17},
  number={1-2},
  pages={23--40},
  year={2002},
  publisher={Springer}
}
@article{debreu1951coefficient,
  title={The coefficient of resource utilization},
  author={Debreu, Gerard},
  journal={Econometrica: Journal of the Econometric Society},
  pages={273--292},
  year={1951},
  publisher={JSTOR}
}
@article{farrell1957measurement,
  title={The measurement of productive efficiency},
  author={Farrell, Michael James},
  journal={Journal of the Royal Statistical Society: Series A (General)},
  volume={120},
  number={3},
  pages={253--281},
  year={1957},
  publisher={Wiley Online Library}
}
@article{gomes2008uso,
  title={Uso de modelos DEA em agricultura: revis{\~a}o da literatura.},
  author={Gomes, Eliane Gon{\c{c}}alves},
  journal={{\'A}rea de Informa{\c{c}}{\~a}o da Sede-Artigo em peri{\'o}dico indexado (ALICE)},
  year={2008},
  publisher={Engevista, v. 10, n. 1, p. 27-51, jun. 2008.}
}
@article{lins2000analise,
  title={An{\'a}lise Envolt{\'o}ria de Dados e perspectivas de integra{\c{c}}{\~a}o no ambiente de Apoio {\`a} Decis{\~a}o},
  author={Lins, Marcos Pereira Estellita and Meza, L{\'\i}dia Angulo},
  journal={Rio de Janeiro: Coppe/UFRJ},
  year={2000}
}
@book{houaiss2001dicionario,
  title={Dicion{\'a}rio eletr{\^o}nico Houaiss da l{\'\i}ngua portuguesa},
  author={Houaiss, Ant{\^o}nio},
  year={2001},
  publisher={Ed. Objetiva}
}
@incollection{chiavenato1989recursos,
  title={Recursos humanos na empresa},
  author={Chiavenato, Idalberto},
  booktitle={Recursos humanos na empresa},
  pages={67--76},
  year={1989}
}
@book{fare1994production,
  title={Production frontiers},
  author={Fare, Rolf and F{\"a}re, Rolf and F{\`e}are, Rolf and Grosskopf, Shawna and Lovell, CA Knox and others},
  year={1994},
  publisher={Cambridge University Press}
}
@article{gonzalez2003projeccoes,
  title={Proje{\c{c}}{\~o}es n{\~a}o radiais em regi{\~o}es fortemente eficientes da fronteira DEA-algoritmos e aplica{\c{c}}{\~o}es},
  author={Gon{\'a}lez-Araya, Marcela C},
  journal={Rio de Janeiro},
  year={2003}
}